<record><leader>00000cas a22000007a 4500</leader><controlfield tag="001">38371564</controlfield><controlfield tag="008">980209d195u19uuncucr ne      0    0eng d</controlfield><datafield ind1=" " ind2=" " tag="010"><subfield code="a">sn 97064594 </subfield></datafield><datafield ind1=" " ind2=" " tag="040"><subfield code="a">NVJ</subfield><subfield code="b">eng</subfield><subfield code="c">NVJ</subfield><subfield code="d">OCLCQ</subfield></datafield><datafield ind1=" " ind2=" " tag="042"><subfield code="a">msc</subfield></datafield><datafield ind1="0" ind2=" " tag="130"><subfield code="a">Iredell County news (Statesville, N.C. : 1954)</subfield></datafield><datafield ind1="1" ind2="0" tag="245"><subfield code="a">Iredell County news.</subfield></datafield><datafield ind1=" " ind2=" " tag="260"><subfield code="a">Statesville, N.C. :</subfield><subfield code="b">Mary H. Long</subfield></datafield><datafield ind1=" " ind2=" " tag="300"><subfield code="a">v.</subfield></datafield><datafield ind1=" " ind2=" " tag="310"><subfield code="a">Semiweekly,</subfield><subfield code="b">Sept. 14, 1954-</subfield></datafield><datafield ind1=" " ind2=" " tag="321"><subfield code="a">Weekly,</subfield><subfield code="b">&lt;July 2, 1954&gt;-Sept. 10, 1954</subfield></datafield><datafield ind1=" " ind2=" " tag="588"><subfield code="a">Description based on: Vol. 1, no. 35 (July 2, 1954).</subfield></datafield><datafield ind1=" " ind2=" " tag="752"><subfield code="a">United States</subfield><subfield code="b">North Carolina</subfield><subfield code="c">Iredell</subfield><subfield code="d">Statesville.</subfield></datafield><datafield ind1="0" ind2="0" tag="780"><subfield code="t">County news (Statesville, N.C. : 1953)</subfield><subfield code="w">(DLC)sn 98058903</subfield></datafield></record>